
@article{gerstenbergerEtAl2017b,
	Author = {Ciprian Gerstenberger and Niko Partanen and Michael Rie{\ss}ler},
	Booktitle = {Proceedings of the 2nd Workshop on the Use of Computational Methods in the Study of Endangered Languages},
	Editor = {Alexis Palmer and Mans Hulden},
	Keywords = {computational linguistics, language documentation},
	Location = {Baltimore, Maryland, USA},
	Publisher = {Association for Computational Linguistics},
	Pubstate = {inpress},
	Series = {ACL Anthology},
	Title = {Instant annotations in ELAN corpora of spoken and written Komi, an endangered language of the Barents Sea region},
	Url = {http://aclweb.org/anthology/},
	Year = {2017},
	Bdsk-Url-1 = {http://aclweb.org/anthology/}
}

@incollection{gerstenbergerEtAl2017a,
	Author = {Ciprian Gerstenberger AND Niko Partanen AND Michael Rie{\ss}ler AND Joshua Wilbur},
	Crossref = {pirinenEtAl2017a},
	Date-Added = {2017-01-02 14:29:57 +0000},
	Date-Modified = {2017-02-27 17:46:51 +0000},
	Keywords = {language documentation,language technology,computational linguistics},
	Pages = {25-36},
	Subtitle = {Applying {NLP} methods to the annotation of spoken language documentation corpora},
	Title = {Instant annotations},
	Url = {http://www.aclweb.org/anthology/W17-0604},
	Xref = {pirinenEtAl2017a},
	Bdsk-Url-1 = {http://www.ub.uit.no/baser/septentrio/index.php/SCS/article/view/3457/3386}
}
